@article{law17,
	author = {Laws, B. A. and Cavanagh, S. J. and Lewis, B. R. and Gibson, S. T.},
	title = {NOO peroxy isomer exposed with velocity-map imaging},
	journal = {The Journal of Physical Chemistry Letters},
	volume = {8},
	pages = {4397-4401},
	year = {2017},
	doi = {10.1021/acs.jpclett.7b02183},
	note ={PMID: 28854335}	
}

@article{wig48,
	title = {On the Behavior of Cross Sections Near Thresholds},
	author = {Wigner, Eugene P.},
	journal = {Phys. Rev.},
	volume = {73},
	issue = {9},
	pages = {1002--1009},
	numpages = {0},
	year = {1948},
	month = {May},
	publisher = {American Physical Society},
	doi = {10.1103/PhysRev.73.1002},
	url = {https://link.aps.org/doi/10.1103/PhysRev.73.1002}
}
